<record><leader>00000cas a22000007a 4500</leader><controlfield tag="001">27457826</controlfield><controlfield tag="008">930217d1881188uriuwr ne      0    0eng d</controlfield><datafield ind1=" " ind2=" " tag="010"><subfield code="a">sn 93066895 </subfield></datafield><datafield ind1=" " ind2=" " tag="040"><subfield code="a">RHN</subfield><subfield code="b">eng</subfield><subfield code="c">RHN</subfield><subfield code="d">OCLCQ</subfield></datafield><datafield ind1=" " ind2=" " tag="042"><subfield code="a">msc</subfield></datafield><datafield ind1="0" ind2=" " tag="130"><subfield code="a">Village bell (Little Compton, R.I.)</subfield></datafield><datafield ind1="1" ind2="4" tag="245"><subfield code="a">The village bell.</subfield></datafield><datafield ind1=" " ind2=" " tag="260"><subfield code="a">Little Compton, R.I. :</subfield><subfield code="b">P.F. Little</subfield></datafield><datafield ind1=" " ind2=" " tag="300"><subfield code="a">v.</subfield></datafield><datafield ind1=" " ind2=" " tag="310"><subfield code="a">Weekly</subfield></datafield><datafield ind1="1" ind2=" " tag="362"><subfield code="a">Began in 1881.</subfield></datafield><datafield ind1=" " ind2=" " tag="588"><subfield code="a">Description based on: Vol. 1, no. 48 (June 29, 1882).</subfield></datafield><datafield ind1=" " ind2="4" tag="651"><subfield code="a">Little Compton (R.I. : Town)</subfield><subfield code="v">Newspapers.</subfield></datafield><datafield ind1=" " ind2=" " tag="752"><subfield code="a">United States</subfield><subfield code="b">Rhode Island</subfield><subfield code="c">Newport</subfield><subfield code="d">Little Compton.</subfield></datafield><datafield ind1="1" ind2=" " tag="029"><subfield code="a">AU@</subfield><subfield code="b">000020725817</subfield></datafield></record>